@book{rainer2004,
  author = {R. Kelly Rainer and Brad Prince and Casey Cegielski},
  title = {Introduction to Information Systems Supporting and Transforming Business},
  publisher = {Wiley},
  year = {2004},
  address = {Hoboken},
  edition = {5th}
}

@book{brugge,
  author = {Bernd Bruegge and Allen H. Dutoit},
  title = {Object Oriented Software Engineering Using UML, Pattrens And Java},
  publisher = {Prentice Hall},
  year = {2004},
}

@book{hamilton,
  author = {Kim Hamilton and Russ Miles},
  title = {Learning UML 2.0},
  publisher = {O'Reilly},
  year = {2006},
}


@article{prastuti,
  author = {Sulistyorini and Prastuti},
  title = {Pemodelan Visual dengan Menggunakan UML dan Rational Rose},
  year = {2009},
  volume = {14},
  number = {1},
  pages = {23-24},
}

@article{Susan,
  author = {Hengki and Susan Suprawiro},
  title = {Analisis dan Perancangan Sistem Informasi Inventory Sparepart Kapal Berbasis Web : Studi Kasus Asia Group Pangkalpinang},
  journal = {Journal of Examples},
  year = {2017},
  volume = {6},
  number = {2},
  pages = {123},
}